<record><leader>00000cas a22000007a 4500</leader><controlfield tag="001">14995380</controlfield><controlfield tag="008">861219d18921939wiuwr ne      0    0eng d</controlfield><datafield ind1=" " ind2=" " tag="010"><subfield code="a">sn 86086856 </subfield></datafield><datafield ind1=" " ind2=" " tag="040"><subfield code="a">NPV</subfield><subfield code="b">eng</subfield><subfield code="c">NPV</subfield><subfield code="d">OCLCQ</subfield></datafield><datafield ind1=" " ind2=" " tag="042"><subfield code="a">msc</subfield></datafield><datafield ind1="0" ind2="4" tag="245"><subfield code="a">The Minocqua times.</subfield></datafield><datafield ind1="1" ind2="3" tag="246"><subfield code="a">Times</subfield></datafield><datafield ind1="3" ind2="0" tag="246"><subfield code="a">Lac du Flambeau news letter</subfield></datafield><datafield ind1="3" ind2="0" tag="246"><subfield code="a">Woodruff news</subfield></datafield><datafield ind1=" " ind2=" " tag="260"><subfield code="a">Minocqua, Wis. :</subfield><subfield code="b">C.W. Hooper,</subfield><subfield code="c">1892-1939.</subfield></datafield><datafield ind1=" " ind2=" " tag="300"><subfield code="a">v.</subfield></datafield><datafield ind1=" " ind2=" " tag="310"><subfield code="a">Weekly</subfield></datafield><datafield ind1="0" ind2=" " tag="362"><subfield code="a">Vol. 2, no. 29 (Nov. 9, 1892)-forty-eighth year, no. 45 (May 5, 1939).</subfield></datafield><datafield ind1=" " ind2=" " tag="500"><subfield code="a">Publisher varies.</subfield></datafield><datafield ind1=" " ind2=" " tag="500"><subfield code="a">Added masthead: The Woodruff news, Jan. 17, 1894-May 30, 1894.</subfield></datafield><datafield ind1=" " ind2=" " tag="500"><subfield code="a">Added masthead: Lac du Flambeau news letter, 1937.</subfield></datafield><datafield ind1=" " ind2=" " tag="752"><subfield code="a">United States</subfield><subfield code="b">Wisconsin</subfield><subfield code="c">Oneida</subfield><subfield code="d">Minocqua.</subfield></datafield><datafield ind1="0" ind2="0" tag="780"><subfield code="t">Times (Minocqua, Wis.)</subfield><subfield code="w">(DLC)sn 86086855</subfield></datafield><datafield ind1="0" ind2="0" tag="785"><subfield code="t">Lakeland times</subfield><subfield code="w">(DLC)sn 83004538</subfield></datafield></record>